@ARTICLE{1990JGR....95...39D,
  author = {{de Pater}, I. and {Goertz}, C.~K.},
   title = "{Radial diffusion models of energetic electrons and Jupiter's synchrotron radiation. I - Steady state solution}",
 journal = {\jgr},
keywords = {Computational Astrophysics, Electron Diffusion, Jupiter (Planet), Planetary Magnetospheres, Synchrotron Radiation, Astronomical Models, Computerized Simulation, Electron Energy, Magnetospheric Electron Density, Pioneer Space Probes, JUPITER, RADIAL DIFFUSION, MODELS, ENERGETIC PARTICLES, ELECTRONS, DUST, RADIATION, COMPUTER METHODS, MAGNETOSPHERE, COMPARISONS, SPECTRA, RINGS, SPACECRAFT OBSERVATIONS, EARTH-BASED OBSERVATIONS, PARTICLES, CALCULATIONS, SCATTERING, SATELLITES},
    year = 1990,
   month = jan,
  volume = 95,
   pages = {39-50},
     doi = {10.1029/JA095iA01p00039},
  adsurl = {http://adsabs.harvard.edu/abs/1990JGR....95...39D},
 adsnote = {Provided by the SAO/NASA Astrophysics Data System}
}

@ARTICLE{1990AdSpR..10...79D,
  author = {{de Pater}, I.},
   title = "{A comparison of the deep atmospheres of the giant planets}",
 journal = {Advances in Space Research},
keywords = {Gas Giant Planets, Planetary Atmospheres, Radio Probing, Radio Spectra, Jupiter Atmosphere, Neptune Atmosphere, Saturn Atmosphere, Uranus Atmosphere, PLANETS, GIANT PLANETS, COMPARISONS, ATMOSPHERE, SPECTRA, AMMONIA, RADIO WAVES, ABUNDANCE, JUPITER, SATURN, URANUS, NEPTUNE, DEPLETION, LATITUDE, HYDROGEN SULFIDE, DIAGRAMS, AMMONIUM HYDROSULFIDE, CLOUDS, MAPS},
    year = 1990,
  volume = 10,
   pages = {79-87},
     doi = {10.1016/0273-1177(90)90090-M},
  adsurl = {http://adsabs.harvard.edu/abs/1990AdSpR..10...79D},
 adsnote = {Provided by the SAO/NASA Astrophysics Data System}
}

@ARTICLE{2003Icar..163..434D,
   author = {{de Pater}, I. and {Butler}, B.~J. and {Green}, D.~A. and {Strom}, R. and 
	{Millan}, R. and {Klein}, M.~J. and {Bird}, M.~K. and {Funke}, O. and 
	{Neidh{\"o}fer}, J. and {Maddalena}, R. and {Sault}, R.~J. and 
	{Kesteven}, M. and {Smits}, D.~P. and {Hunstead}, R.},
    title = "{Jupiter's radio spectrum from 74 MHz up to 8 GHz}",
  journal = {\icarus},
     year = 2003,
    month = jun,
   volume = 163,
    pages = {434-448},
      doi = {10.1016/S0019-1035(03)00067-8},
   adsurl = {http://adsabs.harvard.edu/abs/2003Icar..163..434D},
  adsnote = {Provided by the SAO/NASA Astrophysics Data System}
}
@ARTICLE{2016Sci...352.1198D,
   author = {{de Pater}, I. and {Sault}, R.~J. and {Butler}, B. and {DeBoer}, D. and 
	{Wong}, M.~H.},
    title = "{Peering through Jupiter{\rsquo}s clouds with radio spectral imaging}",
  journal = {Science},
     year = 2016,
    month = jun,
   volume = 352,
    pages = {1198-1201},
      doi = {10.1126/science.aaf2210},
   adsurl = {http://adsabs.harvard.edu/abs/2016Sci...352.1198D},
  adsnote = {Provided by the SAO/NASA Astrophysics Data System}
}
@ARTICLE{2005Icar..173..439G,
   author = {{Gibson}, J. and {Welch}, W.~J. and {de Pater}, I.},
    title = "{Accurate jovian radio flux density measurements show ammonia to be subsaturated in the upper troposphere}",
  journal = {\icarus},
     year = 2005,
    month = feb,
   volume = 173,
    pages = {439-446},
      doi = {10.1016/j.icarus.2004.06.020},
   adsurl = {http://adsabs.harvard.edu/abs/2005Icar..173..439G},
  adsnote = {Provided by the SAO/NASA Astrophysics Data System}
}

@INPROCEEDINGS{1976BAAS....8R.475K,
   author = {{Klein}, M.~J. and {Olsen}, E.~T. and {Gulkis}, S.},
    title = "{Jupiter's Atmosphere: NH$_{3}$ Distribution in the Pressure Range 10-500 mbar from Microwave Spectroscopy}",
booktitle = {Bulletin of the American Astronomical Society},
     year = 1976,
   series = {\baas},
   volume = 8,
    month = jun,
    pages = {475},
   adsurl = {http://adsabs.harvard.edu/abs/1976BAAS....8R.475K},
  adsnote = {Provided by the SAO/NASA Astrophysics Data System}
}

@ARTICLE{1976JGR....81.3380K,
   author = {{Klein}, M.~J.},
    title = "{The variability of the total flux density and polarization of Jupiter's decimetric radio emission}",
  journal = {\jgr},
 keywords = {Decametric Waves, Jupiter (Planet), Planetary Radiation, Polarization Characteristics, Radio Emission, Flux Density, Secular Variations, Solar Activity Effects, Synchrotron Radiation},
     year = 1976,
    month = jul,
   volume = 81,
    pages = {3380-3382},
      doi = {10.1029/JA081i019p03380},
   adsurl = {http://adsabs.harvard.edu/abs/1976JGR....81.3380K},
  adsnote = {Provided by the SAO/NASA Astrophysics Data System}
}

@ARTICLE{2016ApJ...830...34K,
   author = {{Keating}, G.~K. and {Marrone}, D.~P. and {Bower}, G.~C. and 
	{Leitch}, E. and {Carlstrom}, J.~E. and {DeBoer}, D.~R.},
    title = "{COPSS II: The Molecular Gas Content of Ten Million Cubic Megaparsecs at Redshift z {\tilde} 3}",
  journal = {\apj},
archivePrefix = "arXiv",
   eprint = {1605.03971},
 keywords = {galaxies: evolution, galaxies: high-redshift, ISM: molecules, methods: statistical},
     year = 2016,
    month = oct,
   volume = 830,
      eid = {34},
    pages = {34},
      doi = {10.3847/0004-637X/830/1/34},
   adsurl = {http://adsabs.harvard.edu/abs/2016ApJ...830...34K},
  adsnote = {Provided by the SAO/NASA Astrophysics Data System}
}


@ARTICLE{1963Icar....2..228T,
   author = {{Thornton}, D.~D. and {Welch}, W.~J.},
    title = "{8.35 mm radio emission from Jupiter}",
  journal = {\icarus},
     year = 1963,
   volume = 2,
    pages = {228-232},
      doi = {10.1016/0019-1035(63)90019-8},
   adsurl = {http://adsabs.harvard.edu/abs/1963Icar....2..228T},
  adsnote = {Provided by the SAO/NASA Astrophysics Data System}
}


@ARTICLE{2011ApJS..192...19W,
   author = {{Weiland}, J.~L. and {Odegard}, N. and {Hill}, R.~S. and {Wollack}, E. and 
	{Hinshaw}, G. and {Greason}, M.~R. and {Jarosik}, N. and {Page}, L. and 
	{Bennett}, C.~L. and {Dunkley}, J. and {Gold}, B. and {Halpern}, M. and 
	{Kogut}, A. and {Komatsu}, E. and {Larson}, D. and {Limon}, M. and 
	{Meyer}, S.~S. and {Nolta}, M.~R. and {Smith}, K.~M. and {Spergel}, D.~N. and 
	{Tucker}, G.~S. and {Wright}, E.~L.},
    title = "{Seven-year Wilkinson Microwave Anisotropy Probe (WMAP) Observations: Planets and Celestial Calibration Sources}",
  journal = {\apjs},
archivePrefix = "arXiv",
   eprint = {1001.4731},
 primaryClass = "astro-ph.CO",
 keywords = {galaxies: individual: Cygnus A 3C274, ISM: supernova remnants, planets and satellites: general, radio continuum: general, space vehicles: instruments},
     year = 2011,
    month = feb,
   volume = 192,
      eid = {19},
    pages = {19},
      doi = {10.1088/0067-0049/192/2/19},
   adsurl = {http://adsabs.harvard.edu/abs/2011ApJS..192...19W},
  adsnote = {Provided by the SAO/NASA Astrophysics Data System}
}

@ARTICLE{1937ApJ....86..321W,
   author = {{Wildt}, R.},
    title = "{Photochemistry of Planetary Atmospheres}",
  journal = {\apj},
     year = 1937,
    month = oct,
   volume = 86,
    pages = {321},
      doi = {10.1086/143868},
   adsurl = {http://adsabs.harvard.edu/abs/1937ApJ....86..321W},
  adsnote = {Provided by the SAO/NASA Astrophysics Data System}
}

